@inproceedings{shen2018performance,
	title={Performance Optimization of a Fuzzy Entropy Based Feature Selection and Classification Framework},
	author={Shen, Zixiao and Chen, Xin and Garibaldi, Jon},
	booktitle={2018 IEEE International Conference on Systems, Man, and Cybernetics (SMC)},
	pages={1361--1367},
	year={2018},
	organization={IEEE}
}


@inproceedings{shen2019novel,
  title={A Novel Weighted Combination Method for Feature Selection using Fuzzy Sets},
  author={Shen, Zixiao and Chen, Xin and Garibaldi, Jonathan M},
  booktitle={2019 IEEE International Conference on Fuzzy Systems (FUZZ-IEEE)},
  pages={1--6},
  year={2019},
  organization={IEEE}
}


@inproceedings{shen2020novel,
	title={A Novel Meta Learning Framework for Feature Selection using Data Synthesis and Fuzzy Similarity},
	author={Shen, Zixiao and Chen, Xin and Garibaldi, Jonathan M},
	booktitle={2020 IEEE International Conference on Fuzzy Systems (FUZZ-IEEE)},
	pages={1--8},
	year={2020},
	organization={IEEE}
}


@article{guyon2003introduction,
  title={An introduction to variable and feature selection},
  author={Guyon, Isabelle and Elisseeff, Andr{\'e}},
  journal={Journal of machine learning research},
  volume={3},
  number={Mar},
  pages={1157--1182},
  year={2003}
}


@article{kohavi1997wrappers,
  title={Wrappers for feature subset selection},
  author={Kohavi, Ron and John, George H},
  journal={Artificial intelligence},
  volume={97},
  number={1-2},
  pages={273--324},
  year={1997},
  publisher={Elsevier}
}


@article{jensen2007fuzzy,
  title={Fuzzy-rough sets assisted attribute selection},
  author={Jensen, Richard and Shen, Qiang},
  journal={IEEE Transactions on fuzzy systems},
  volume={15},
  number={1},
  pages={73--89},
  year={2007},
  publisher={IEEE}
}


@article{bolon2019ensembles,
  title={Ensembles for feature selection: a review and future trends},
  author={Bol{\'o}n-Canedo, Ver{\'o}nica and Alonso-Betanzos, Amparo},
  journal={Information Fusion},
  volume={52},
  pages={1--12},
  year={2019},
  publisher={Elsevier}
}


@article{civanlar1986constructing,
  title={Constructing membership functions using statistical data},
  author={Civanlar, M Reha and Trussell, H Joel},
  journal={Fuzzy sets and systems},
  volume={18},
  number={1},
  pages={1--13},
  year={1986},
  publisher={Elsevier}
}


@book{grimmett2001probability,
  title={Probability and random processes},
  author={Grimmett, Geoffrey and Grimmett, Geoffrey R and Stirzaker, David and others},
  year={2001},
  publisher={Oxford university press}
}


@article{li2018feature,
  title={Feature selection: A data perspective},
  author={Li, Jundong and Cheng, Kewei and Wang, Suhang and Morstatter, Fred and Trevino, Robert P and Tang, Jiliang and Liu, Huan},
  journal={ACM Computing Surveys (CSUR)},
  volume={50},
  number={6},
  pages={94},
  year={2018},
  publisher={ACM}
}


@article{parmezan2017metalearning,
  title={Metalearning for choosing feature selection algorithms in data mining: Proposal of a new framework},
  author={Parmezan, Antonio Rafael Sabino and Lee, Huei Diana and Wu, Feng Chung},
  journal={Expert Systems with Applications},
  volume={75},
  pages={1--24},
  year={2017},
  publisher={Elsevier}
}


@article{saranya2013study,
	title={A study on normalization techniques for privacy preserving data mining},
	author={Saranya, C and Manikandan, G},
	journal={International Journal of Engineering and Technology (IJET)},
	volume={5},
	number={3},
	pages={2701--2704},
	year={2013},
	publisher={Citeseer}
}

@book{hartung2011statistical,
	title={Statistical meta-analysis with applications},
	author={Hartung, Joachim and Knapp, Guido and Sinha, Bimal K},
	volume={738},
	year={2011},
	publisher={John Wiley \& Sons}
}


@inproceedings{jong2004ensemble,
  title={Ensemble feature ranking},
  author={Jong, Kees and Mary, J{\'e}r{\'e}mie and Cornu{\'e}jols, Antoine and Marchiori, Elena and Sebag, Michele},
  booktitle={European Conference on Principles of Data Mining and Knowledge Discovery},
  pages={267--278},
  year={2004},
  organization={Springer}
}

@article{stoppiglia2003ranking,
  title={Ranking a random feature for variable and feature selection},
  author={Stoppiglia, Herv{\'e} and Dreyfus, G{\'e}rard and Dubois, R{\'e}mi and Oussar, Yacine},
  journal={Journal of machine learning research},
  volume={3},
  number={Mar},
  pages={1399--1414},
  year={2003}
}

@inproceedings{he2006laplacian,
  title={Laplacian score for feature selection},
  author={He, Xiaofei and Cai, Deng and Niyogi, Partha},
  booktitle={Advances in neural information processing systems},
  pages={507--514},
  year={2006}
}

@inproceedings{zhao2007spectral,
  title={Spectral feature selection for supervised and unsupervised learning},
  author={Zhao, Zheng and Liu, Huan},
  booktitle={Proceedings of the 24th international conference on Machine learning},
  pages={1151--1157},
  year={2007},
  organization={ACM}
}

@book{duda2012pattern,
  title={Pattern classification},
  author={Duda, Richard O and Hart, Peter E and Stork, David G},
  year={2012},
  publisher={John Wiley \& Sons}
}

@inproceedings{nie2008trace,
  title={Trace ratio criterion for feature selection.},
  author={Nie, Feiping and Xiang, Shiming and Jia, Yangqing and Zhang, Changshui and Yan, Shuicheng},
  booktitle={AAAI},
  volume={2},
  pages={671--676},
  year={2008}
}

@article{robnik2003theoretical,
  title={Theoretical and empirical analysis of ReliefF and RReliefF},
  author={Robnik-{\v{S}}ikonja, Marko and Kononenko, Igor},
  journal={Machine learning},
  volume={53},
  number={1-2},
  pages={23--69},
  year={2003},
  publisher={Springer}
}

@article{battiti1994using,
  title={Using mutual information for selecting features in supervised neural net learning},
  author={Battiti, Roberto},
  journal={IEEE Transactions on neural networks},
  volume={5},
  number={4},
  pages={537--550},
  year={1994},
  publisher={IEEE}
}

@article{peng2005feature,
  title={Feature selection based on mutual information: criteria of max-dependency, max-relevance, and min-redundancy},
  author={Peng, Hanchuan and Long, Fuhui and Ding, Chris},
  journal={IEEE Transactions on Pattern Analysis \& Machine Intelligence},
  number={8},
  pages={1226--1238},
  year={2005},
  publisher={IEEE}
}

@inproceedings{yu2003feature,
  title={Feature selection for high-dimensional data: A fast correlation-based filter solution},
  author={Yu, Lei and Liu, Huan},
  booktitle={Proceedings of the 20th international conference on machine learning (ICML-03)},
  pages={856--863},
  year={2003}
}

@inproceedings{lin2006conditional,
  title={Conditional infomax learning: an integrated framework for feature extraction and fusion},
  author={Lin, Dahua and Tang, Xiaoou},
  booktitle={European conference on computer vision},
  pages={68--82},
  year={2006},
  organization={Springer}
}

@inproceedings{yang2000data,
  title={Data visualization and feature selection: New algorithms for nongaussian data},
  author={Yang, Howard Hua and Moody, John},
  booktitle={Advances in neural information processing systems},
  pages={687--693},
  year={2000}
}

@book{davis1986statistics,
  title={Statistics and data analysis in geology},
  author={Davis, John C and Sampson, Robert J},
  volume={646},
  year={1986},
  publisher={Wiley New York et al.}
}

@inproceedings{liu1995chi2,
  title={Chi2: Feature selection and discretization of numeric attributes},
  author={Liu, Huan and Setiono, Rudy},
  booktitle={Proceedings of 7th IEEE International Conference on Tools with Artificial Intelligence},
  pages={388--391},
  year={1995},
  organization={IEEE}
}

@article{gini1971variability,
  title={Variability and mutability, contribution to the study of statistical distributions and relations. studi cconomico-giuridici della r. universita de cagliari (1912). reviewed in: Light, rj, margolin, bh: An analysis of variance for categorical data},
  author={Gini, Corrado W},
  journal={J. American Statistical Association},
  volume={66},
  pages={534--544},
  year={1971}
}

@inproceedings{hall1999feature,
  title={Feature selection for machine learning: comparing a correlation-based filter approach to the wrapper.},
  author={Hall, Mark A and Smith, Lloyd A},
  booktitle={FLAIRS conference},
  volume={1999},
  pages={235--239},
  year={1999}
}

@inproceedings{roffo2015infinite,
  title={Infinite feature selection},
  author={Roffo, Giorgio and Melzi, Simone and Cristani, Marco},
  booktitle={Proceedings of the IEEE International Conference on Computer Vision},
  pages={4202--4210},
  year={2015}
}

@article{roffo2016features,
  title={Features selection via eigenvector centrality},
  author={Roffo, Giorgio and Melzi, Simone},
  journal={Proceedings of new frontiers in mining complex patterns (NFMCP 2016)},
  year={2016}
}

@inproceedings{roffo2017infinite,
  title={Infinite latent feature selection: A probabilistic latent graph-based ranking approach},
  author={Roffo, Giorgio and Melzi, Simone and Castellani, Umberto and Vinciarelli, Alessandro},
  booktitle={Proceedings of the IEEE International Conference on Computer Vision},
  pages={1398--1406},
  year={2017}
}

@article{kamalov2017feature,
  title={A feature selection method based on ranked vector scores of features for classification},
  author={Kamalov, Firuz and Thabtah, Fadi},
  journal={Annals of Data Science},
  volume={4},
  number={4},
  pages={483--502},
  year={2017},
  publisher={Springer}
}

@inproceedings{zhou2014stable,
  title={Stable feature selection with ensembles of multi-reliefF},
  author={Zhou, Qifeng and Ding, Jianchao and Ning, Yongpeng and Luo, Linkai and Li, Tao},
  booktitle={2014 10th International Conference on Natural Computation (ICNC)},
  pages={742--747},
  year={2014},
  organization={IEEE}
}

@incollection{minaei2011ensemble,
  title={An ensemble based approach for feature selection},
  author={Minaei-Bidgoli, Behrouz and Asadi, Maryam and Parvin, Hamid},
  booktitle={Engineering applications of neural networks},
  pages={240--246},
  year={2011},
  publisher={Springer}
}

@article{bolon2012ensemble,
  title={An ensemble of filters and classifiers for microarray data classification},
  author={Bol{\'o}n-Canedo, Ver{\'o}nica and S{\'a}nchez-Maro{\~n}o, Noelia and Alonso-Betanzos, Amparo},
  journal={Pattern Recognition},
  volume={45},
  number={1},
  pages={531--539},
  year={2012},
  publisher={Elsevier}
}

@article{willett2013combination,
  title={Combination of similarity rankings using data fusion},
  author={Willett, Peter},
  journal={Journal of chemical information and modeling},
  volume={53},
  number={1},
  pages={1--10},
  year={2013},
  publisher={ACS Publications}
}

@article{abeel2009robust,
  title={Robust biomarker identification for cancer diagnosis with ensemble feature selection methods},
  author={Abeel, Thomas and Helleputte, Thibault and Van de Peer, Yves and Dupont, Pierre and Saeys, Yvan},
  journal={Bioinformatics},
  volume={26},
  number={3},
  pages={392--398},
  year={2009},
  publisher={Oxford University Press}
}

@inproceedings{joachims2002optimizing,
  title={Optimizing search engines using clickthrough data},
  author={Joachims, Thorsten},
  booktitle={Proceedings of the eighth ACM SIGKDD international conference on Knowledge discovery and data mining},
  pages={133--142},
  year={2002},
  organization={ACM}
}

@article{yang2010robust,
  title={Robust feature selection for microarray data based on multicriterion fusion},
  author={Yang, Feng and Mao, KZ},
  journal={IEEE/ACM Transactions on Computational Biology and Bioinformatics},
  volume={8},
  number={4},
  pages={1080--1092},
  year={2010},
  publisher={IEEE}
}

@article{kolde2012robust,
  title={Robust rank aggregation for gene list integration and meta-analysis},
  author={Kolde, Raivo and Laur, Sven and Adler, Priit and Vilo, Jaak},
  journal={Bioinformatics},
  volume={28},
  number={4},
  pages={573--580},
  year={2012},
  publisher={Oxford University Press}
}

@inproceedings{nikulin2012homogeneous,
  title={On the Homogeneous Ensembling via Balanced Subsets Combined with Wilcoxon-Based Feature Selection},
  author={Nikulin, Vladimir},
  booktitle={International Conference on Rough Sets and Current Trends in Computing},
  pages={455--462},
  year={2012},
  organization={Springer}
}

@article{pes2017exploiting,
  title={Exploiting the ensemble paradigm for stable feature selection: a case study on high-dimensional genomic data},
  author={Pes, Barbara and Dess{\`\i}, Nicoletta and Angioni, Marta},
  journal={Information Fusion},
  volume={35},
  pages={132--147},
  year={2017},
  publisher={Elsevier}
}

@article{haque2016heterogeneous,
  title={Heterogeneous ensemble combination search using genetic algorithm for class imbalanced data classification},
  author={Haque, Mohammad Nazmul and Noman, Nasimul and Berretta, Regina and Moscato, Pablo},
  journal={PloS one},
  volume={11},
  number={1},
  pages={e0146116},
  year={2016},
  publisher={Public Library of Science}
}

@article{brahim2018ensemble,
  title={Ensemble feature selection for high dimensional data: a new method and a comparative study},
  author={Brahim, Afef Ben and Limam, Mohamed},
  journal={Advances in Data Analysis and Classification},
  volume={12},
  number={4},
  pages={937--952},
  year={2018},
  publisher={Springer}
}

@article{jain2005score,
  title={Score normalization in multimodal biometric systems},
  author={Jain, Anil and Nandakumar, Karthik and Ross, Arun},
  journal={Pattern recognition},
  volume={38},
  number={12},
  pages={2270--2285},
  year={2005},
  publisher={Elsevier}
}

@article{yager1988ordered,
  title={On ordered weighted averaging aggregation operators in multicriteria decisionmaking},
  author={Yager, Ronald R},
  journal={IEEE Transactions on systems, Man, and Cybernetics},
  volume={18},
  number={1},
  pages={183--190},
  year={1988},
  publisher={IEEE}
}


@misc{Dua:2019,
author = "Dua, Dheeru and Graff, Casey",
year = "2017",
title = "{UCI} Machine Learning Repository",
url = "http://archive.ics.uci.edu/ml",
institution = "University of California, Irvine, School of Information and Computer Sciences" }


@article{xu2005overview,
  title={An overview of methods for determining OWA weights},
  author={Xu, Zeshui},
  journal={International journal of intelligent systems},
  volume={20},
  number={8},
  pages={843--865},
  year={2005},
  publisher={Wiley Online Library}
}


@inproceedings{o1988aggregating,
  title={Aggregating template or rule antecedents in real-time expert systems with fuzzy set logic},
  author={O'Hagan, Michael},
  booktitle={Twenty-second Asilomar conference on signals, systems and computers},
  volume={2},
  pages={681--689},
  year={1988},
  organization={IEEE}
}

@article{kosko1986fuzzy,
  title={Fuzzy entropy and conditioning},
  author={Kosko, Bart},
  journal={Information sciences},
  volume={40},
  number={2},
  pages={165--174},
  year={1986},
  publisher={Elsevier}
}

@inproceedings{mesiar2018aggregation,
	title={Aggregation functions in fuzzy set theory: History and some recent advances},
	author={Mesiar, Radko and Koles{\'a}rov{\'a}, Anna},
	booktitle={2018 6th Iranian Joint Congress on Fuzzy and Intelligent Systems (CFIS)},
	pages={94--97},
	year={2018},
	organization={IEEE}
}

@article{hall1999correlation,
	title={Correlation-based feature selection for machine learning},
	author={Hall, Mark Andrew},
	year={1999},
	publisher={University of Waikato Hamilton}
}

@inproceedings{zaffalon2002robust,
	title={Robust feature selection by mutual information distributions},
	author={Zaffalon, Marco and Hutter, Marcus},
	booktitle={Proceedings of the Eighteenth conference on Uncertainty in artificial intelligence},
	pages={577--584},
	year={2002},
	organization={Morgan Kaufmann Publishers Inc.}
}

@phdthesis{jensen2005combining,
	title={Combining rough and fuzzy sets for feature selection},
	author={Jensen, Richard},
	year={2005},
	school={Citeseer}
}

@article{khaire2019stability,
	title={Stability of feature selection algorithm: A review},
	author={Khaire, Utkarsh Mahadeo and Dhanalakshmi, R},
	journal={Journal of King Saud University-Computer and Information Sciences},
	year={2019},
	publisher={Elsevier}
}

@book{wang1996course,
	title={A course in fuzzy systems and control},
	author={Wang, Li-Xin},
	year={1996},
	publisher={Prentice-Hall, Inc.}
}
